@online{gdevelop,
    title     = "GDevelop",
    url       = "https://gdevelop-app.com/"
}
@online{defold,
    title     = "Defold",
    url       = "https://www.defold.com/"
}
@online{godot,
    title     = "Godot",
    url       = "https://godotengine.org/"
}
@online{box2d,
    title     = "Box2D",
    url       = "https://box2d.org/"
}
@online{inkscape,
    title     = "Inkscape",
    url       = "https://inkscape.org/"
}
@online{krita,
    title     = "Krita",
    url       = "https://krita.org/en/"
}
@online{gimp,
    title     = "GIMP",
    url       = "https://www.gimp.org/"
}
@online{clubhouse,
    title     = "Clubhouse",
    url       = "https://clubhouse.io/product"
}
@online{pivotaltracker,
    title     = "Pivotal Tracker",
    url       = "https://www.pivotaltracker.com/features"
}
@online{redbooth,
    title     = "Redbooth",
    url       = "https://redbooth.com/features"
}
@misc
{
  Lucid_Waterfall,
  title         = "What the Waterfall Project Management Methodology Can (and Canâ€™t) Do for You",
  howpublished  = {Lucid Software Inc.},
  month         = {August},
  year          = {2017},
}
@misc
{
  Software_Development,
  title         = "12 BEST SOFTWARE DEVELOPMENT METHODOLOGIES WITH PROS AND CONS",
  howpublished  = {Acodez},
  month         = {September},
  year          = {2018},
}
@misc
{
  Spiral,
  title         = "spiral model (spiral lifecycle model)",
  howpublished  = {TechTarget},
}
@misc
{
  Highcharts,
  title         = "Highcharts REVIEW",
  howpublished  = {FinancesOnline},
  year          = {2018},
}
@misc
{
  Chart.js,
  title         = "Comparing the most popular JavaScript charting libraries",
  howpublished  = {Medium},
  month         = {October},
  year          = {2017},
}
@misc
{
  ComaparisonCharts,
  title         = "Compare the Best Javascript Chart Libraries",
  howpublished  = {Sicara},
  month         = {June},
  year          = {2017},
}


%Kelli-tr
@misc{WinNT,
  title = {{MS Windows NT} Kernel Description},
  howpublished = {\url{http://web.archive.org/web/20080207010024/http://www.808multimedia.com/winnt/kernel.htm}},
  note = {Accessed: 2010-09-30}
}

@online{WinNT2,
  author = {MultiMedia LLC},
  title = {{MS Windows NT} Kernel Description},
  year = 1999,
  url = {http://web.archive.org/web/20080207010024/http://www.808multimedia.com/winnt/kernel.htm},
  urldate = {2010-09-30}
}

@online{gsap,
    author = {Green Sock},
    title = {GSAP, The Standard for JavaScript HTML5 Animation},
    year = 2018,
    url = {https://greensock.com/gsap},
    urldate= {2018-11-02}
    }
    
@online{animate,
    author = {daneden},
    title = {animate.css},
    year = 2018,
    url = {https://github.com/daneden/animate.css},
    urldate= {2018-11-02}
    }
    
@online{bootstrap,
    author = {},
    title = {Introduction - Bootstrap},
    year = 2018, 
    url = {http://getbootstrap.com/docs/4.1/getting-started/introduction/},
    urldate= {2018-11-02}
    }
    
@online {bulma,
    author={},
    title={Overview | Bulma},
    year=2018,
    url={https://bulma.io/documentation/overview/},
        urldate= {2018-11-02}

}

@online{semantic,
    author={},
    title={Semantic UI},
    year=2018,
    url={https://semantic-ui.com/},
    urldate= {2018-11-02}

}

@online{video,
    author={},
    title={Embed Video on Website: 5 Easy Ways},
    year=2018,
    url={https://www.freemake.com/blog/embed-video/},
 urldate= {2018-11-02}
}
